%YAML 1.1
%TAG !u! tag:unity3d.com,2011:
--- !u!1 &97052482453998515
GameObject:
  m_ObjectHideFlags: 0
  m_CorrespondingSourceObject: {fileID: 0}
  m_PrefabInstance: {fileID: 0}
  m_PrefabAsset: {fileID: 0}
  serializedVersion: 6
  m_Component:
  - component: {fileID: 97052482453998513}
  - component: {fileID: 97052482453998512}
  - component: {fileID: 3130065718999289449}
  - component: {fileID: 1971162537508056438}
  m_Layer: 5
  m_Name: VictoryMenu
  m_TagString: Untagged
  m_Icon: {fileID: 0}
  m_NavMeshLayer: 0
  m_StaticEditorFlags: 0
  m_IsActive: 1
--- !u!4 &97052482453998513
Transform:
  m_ObjectHideFlags: 0
  m_CorrespondingSourceObject: {fileID: 0}
  m_PrefabInstance: {fileID: 0}
  m_PrefabAsset: {fileID: 0}
  m_GameObject: {fileID: 97052482453998515}
  m_LocalRotation: {x: 0, y: 0, z: 0, w: 1}
  m_LocalPosition: {x: 0, y: 0, z: 0}
  m_LocalScale: {x: 1, y: 1, z: 1}
  m_ConstrainProportionsScale: 0
  m_Children: []
  m_Father: {fileID: 0}
  m_RootOrder: 0
  m_LocalEulerAnglesHint: {x: 0, y: 0, z: 0}
--- !u!114 &97052482453998512
MonoBehaviour:
  m_ObjectHideFlags: 0
  m_CorrespondingSourceObject: {fileID: 0}
  m_PrefabInstance: {fileID: 0}
  m_PrefabAsset: {fileID: 0}
  m_GameObject: {fileID: 97052482453998515}
  m_Enabled: 1
  m_EditorHideFlags: 0
  m_Script: {fileID: 19102, guid: 0000000000000000e000000000000000, type: 0}
  m_Name: 
  m_EditorClassIdentifier: 
  m_PanelSettings: {fileID: 11400000, guid: e1c5ae24ecbb14cf9952710205b46411, type: 2}
  m_ParentUI: {fileID: 0}
  sourceAsset: {fileID: 9197481963319205126, guid: eac69e4da13022d24a06a564e188f845,
    type: 3}
  m_SortingOrder: 1
--- !u!114 &3130065718999289449
MonoBehaviour:
  m_ObjectHideFlags: 0
  m_CorrespondingSourceObject: {fileID: 0}
  m_PrefabInstance: {fileID: 0}
  m_PrefabAsset: {fileID: 0}
  m_GameObject: {fileID: 97052482453998515}
  m_Enabled: 1
  m_EditorHideFlags: 0
  m_Script: {fileID: 11500000, guid: 8e0a5463bc5b34cc6abb1207787b5734, type: 3}
  m_Name: 
  m_EditorClassIdentifier: 
  gameOverMenu: {fileID: 97052482453998512}
  onQuitButton: {fileID: 11400000, guid: 426147a274fda45709a0e157efdbc809, type: 2}
--- !u!114 &1971162537508056438
MonoBehaviour:
  m_ObjectHideFlags: 0
  m_CorrespondingSourceObject: {fileID: 0}
  m_PrefabInstance: {fileID: 0}
  m_PrefabAsset: {fileID: 0}
  m_GameObject: {fileID: 97052482453998515}
  m_Enabled: 1
  m_EditorHideFlags: 0
  m_Script: {fileID: 11500000, guid: 3145ebb806dfa482b91bac4a5256d600, type: 3}
  m_Name: 
  m_EditorClassIdentifier: 
  gameEvent: {fileID: 11400000, guid: 26ce7ceff40b04249ad614c84b967576, type: 2}
  response:
    m_PersistentCalls:
      m_Calls:
      - m_Target: {fileID: 3130065718999289449}
        m_TargetAssemblyTypeName: VictoryMenuController, Assembly-CSharp
        m_MethodName: ShowMenu
        m_Mode: 1
        m_Arguments:
          m_ObjectArgument: {fileID: 0}
          m_ObjectArgumentAssemblyTypeName: UnityEngine.Object, UnityEngine
          m_IntArgument: 0
          m_FloatArgument: 0
          m_StringArgument: 
          m_BoolArgument: 0
        m_CallState: 2
