%YAML 1.1
%TAG !u! tag:unity3d.com,2011:
--- !u!1 &1377647987159639487
GameObject:
  m_ObjectHideFlags: 0
  m_CorrespondingSourceObject: {fileID: 0}
  m_PrefabInstance: {fileID: 0}
  m_PrefabAsset: {fileID: 0}
  serializedVersion: 6
  m_Component:
  - component: {fileID: 1377647987159639473}
  - component: {fileID: 1377647987159639486}
  - component: {fileID: 1497804826}
  - component: {fileID: 1497804825}
  m_Layer: 0
  m_Name: GameManager
  m_TagString: GameManager
  m_Icon: {fileID: 0}
  m_NavMeshLayer: 0
  m_StaticEditorFlags: 0
  m_IsActive: 1
--- !u!4 &1377647987159639473
Transform:
  m_ObjectHideFlags: 0
  m_CorrespondingSourceObject: {fileID: 0}
  m_PrefabInstance: {fileID: 0}
  m_PrefabAsset: {fileID: 0}
  m_GameObject: {fileID: 1377647987159639487}
  m_LocalRotation: {x: 0, y: 0, z: 0, w: 1}
  m_LocalPosition: {x: 0, y: 0, z: 0}
  m_LocalScale: {x: 1, y: 1, z: 1}
  m_ConstrainProportionsScale: 0
  m_Children: []
  m_Father: {fileID: 0}
  m_RootOrder: 0
  m_LocalEulerAnglesHint: {x: 0, y: 0, z: 0}
--- !u!114 &1377647987159639486
MonoBehaviour:
  m_ObjectHideFlags: 0
  m_CorrespondingSourceObject: {fileID: 0}
  m_PrefabInstance: {fileID: 0}
  m_PrefabAsset: {fileID: 0}
  m_GameObject: {fileID: 1377647987159639487}
  m_Enabled: 1
  m_EditorHideFlags: 0
  m_Script: {fileID: 11500000, guid: 36cb1c54802554cb8acd6362849d4fa8, type: 3}
  m_Name: 
  m_EditorClassIdentifier: 
  currentGameState: 0
  playerLives: 5
  OnGamePaused:
    m_PersistentCalls:
      m_Calls:
      - m_Target: {fileID: 1497804825}
        m_TargetAssemblyTypeName: AudioManager, Assembly-CSharp
        m_MethodName: PlaySound
        m_Mode: 5
        m_Arguments:
          m_ObjectArgument: {fileID: 0}
          m_ObjectArgumentAssemblyTypeName: UnityEngine.Object, UnityEngine
          m_IntArgument: 0
          m_FloatArgument: 0
          m_StringArgument: paused
          m_BoolArgument: 0
        m_CallState: 2
  OnGameResumed:
    m_PersistentCalls:
      m_Calls:
      - m_Target: {fileID: 1497804825}
        m_TargetAssemblyTypeName: AudioManager, Assembly-CSharp
        m_MethodName: PlaySound
        m_Mode: 5
        m_Arguments:
          m_ObjectArgument: {fileID: 0}
          m_ObjectArgumentAssemblyTypeName: UnityEngine.Object, UnityEngine
          m_IntArgument: 0
          m_FloatArgument: 0
          m_StringArgument: playing
          m_BoolArgument: 0
        m_CallState: 2
  OnGameVictory:
    m_PersistentCalls:
      m_Calls:
      - m_Target: {fileID: 1497804825}
        m_TargetAssemblyTypeName: AudioManager, Assembly-CSharp
        m_MethodName: PlaySound
        m_Mode: 5
        m_Arguments:
          m_ObjectArgument: {fileID: 0}
          m_ObjectArgumentAssemblyTypeName: UnityEngine.Object, UnityEngine
          m_IntArgument: 0
          m_FloatArgument: 0
          m_StringArgument: victory
          m_BoolArgument: 0
        m_CallState: 2
  OnGameOver:
    m_PersistentCalls:
      m_Calls:
      - m_Target: {fileID: 1497804825}
        m_TargetAssemblyTypeName: AudioManager, Assembly-CSharp
        m_MethodName: PlaySound
        m_Mode: 5
        m_Arguments:
          m_ObjectArgument: {fileID: 0}
          m_ObjectArgumentAssemblyTypeName: UnityEngine.Object, UnityEngine
          m_IntArgument: 0
          m_FloatArgument: 0
          m_StringArgument: gameover
          m_BoolArgument: 0
        m_CallState: 2
  OnPlayerHurt:
    m_PersistentCalls:
      m_Calls: []
  OnPlayerHealed:
    m_PersistentCalls:
      m_Calls: []
--- !u!82 &1497804826
AudioSource:
  m_ObjectHideFlags: 0
  m_CorrespondingSourceObject: {fileID: 0}
  m_PrefabInstance: {fileID: 0}
  m_PrefabAsset: {fileID: 0}
  m_GameObject: {fileID: 1377647987159639487}
  m_Enabled: 1
  serializedVersion: 4
  OutputAudioMixerGroup: {fileID: 0}
  m_audioClip: {fileID: 0}
  m_PlayOnAwake: 0
  m_Volume: 0.3
  m_Pitch: 1
  Loop: 0
  Mute: 0
  Spatialize: 0
  SpatializePostEffects: 0
  Priority: 128
  DopplerLevel: 1
  MinDistance: 1
  MaxDistance: 500
  Pan2D: 0
  rolloffMode: 0
  BypassEffects: 0
  BypassListenerEffects: 0
  BypassReverbZones: 0
  rolloffCustomCurve:
    serializedVersion: 2
    m_Curve:
    - serializedVersion: 3
      time: 0
      value: 1
      inSlope: 0
      outSlope: 0
      tangentMode: 0
      weightedMode: 0
      inWeight: 0.33333334
      outWeight: 0.33333334
    - serializedVersion: 3
      time: 1
      value: 0
      inSlope: 0
      outSlope: 0
      tangentMode: 0
      weightedMode: 0
      inWeight: 0.33333334
      outWeight: 0.33333334
    m_PreInfinity: 2
    m_PostInfinity: 2
    m_RotationOrder: 4
  panLevelCustomCurve:
    serializedVersion: 2
    m_Curve:
    - serializedVersion: 3
      time: 0
      value: 0
      inSlope: 0
      outSlope: 0
      tangentMode: 0
      weightedMode: 0
      inWeight: 0.33333334
      outWeight: 0.33333334
    m_PreInfinity: 2
    m_PostInfinity: 2
    m_RotationOrder: 4
  spreadCustomCurve:
    serializedVersion: 2
    m_Curve:
    - serializedVersion: 3
      time: 0
      value: 0
      inSlope: 0
      outSlope: 0
      tangentMode: 0
      weightedMode: 0
      inWeight: 0.33333334
      outWeight: 0.33333334
    m_PreInfinity: 2
    m_PostInfinity: 2
    m_RotationOrder: 4
  reverbZoneMixCustomCurve:
    serializedVersion: 2
    m_Curve:
    - serializedVersion: 3
      time: 0
      value: 1
      inSlope: 0
      outSlope: 0
      tangentMode: 0
      weightedMode: 0
      inWeight: 0.33333334
      outWeight: 0.33333334
    m_PreInfinity: 2
    m_PostInfinity: 2
    m_RotationOrder: 4
--- !u!114 &1497804825
MonoBehaviour:
  m_ObjectHideFlags: 0
  m_CorrespondingSourceObject: {fileID: 0}
  m_PrefabInstance: {fileID: 0}
  m_PrefabAsset: {fileID: 0}
  m_GameObject: {fileID: 1377647987159639487}
  m_Enabled: 1
  m_EditorHideFlags: 0
  m_Script: {fileID: 11500000, guid: 1c5a6d9993a6a77fe8cc728a09e07a65, type: 3}
  m_Name: 
  m_EditorClassIdentifier: 
  audioSource: {fileID: 1497804826}
  sounds:
  - name: playing
    clip: {fileID: 8300000, guid: a8d04d8ecde5383488804e905330a137, type: 3}
  - name: paused
    clip: {fileID: 8300000, guid: 60ee48f6df7625789b7a45cb21480ae7, type: 3}
  - name: gameover
    clip: {fileID: 8300000, guid: b171ec3e756bce14795abc73e3035731, type: 3}
  - name: victory
    clip: {fileID: 8300000, guid: 2d7763b1f80de46408a1ff1cb3d4077a, type: 3}
